<collection xmlns="http://www.loc.gov/MARC21/slim">
<record>
  <leader>03054nam0a2200505 i 450 </leader>
  <controlfield tag="001">IT\ICCU\CNCE\015041</controlfield>
  <controlfield tag="005">20130103000000.0</controlfield>
  <datafield tag="012" ind1=" " ind2=" ">
    <subfield code="a">gale noa, i-an cuso (3) 1598 (R)</subfield>
    <subfield code="2">fei</subfield>
  </datafield>
  <datafield tag="100" ind1=" " ind2=" ">
    <subfield code="a">19970101d1598        0itac0103    ba</subfield>
  </datafield>
  <datafield tag="101" ind1=" " ind2=" ">
    <subfield code="a">ITA</subfield>
  </datafield>
  <datafield tag="102" ind1=" " ind2=" ">
    <subfield code="a">IT</subfield>
  </datafield>
  <datafield tag="200" ind1="1" ind2=" ">
    <subfield code="a">Compendio delle vite de filosofi antichi greci et latini, et delle sentenze, &amp; detti loro notabili. Tratte da Laertio, et da altri graui auttori. Nouamente ridotte a pi ̮purgata lettione, &amp; di bellissime figure di Giosefo Saluiati adornate. Opera utilissima ad ogni stato di persone</subfield>
  </datafield>
  <datafield tag="210" ind1=" " ind2=" ">
    <subfield code="a">In Venetia</subfield>
    <subfield code="c">presso Gioachino Brugnuolo</subfield>
    <subfield code="d">all&apos;insegna della Porta</subfield>
    <subfield code="d">1598</subfield>
    <subfield code="e">In Venetia</subfield>
    <subfield code="g">appresso Ioachino Brugnolo all&apos;insegna della Porta</subfield>
    <subfield code="h">1598</subfield>
  </datafield>
  <datafield tag="215" ind1=" " ind2=" ">
    <subfield code="a">\4!, 60 c.</subfield>
    <subfield code="c">ill.</subfield>
    <subfield code="d">4ʻ</subfield>
  </datafield>
  <datafield tag="500" ind1="1" ind2="1">
    <subfield code="3">IT\ICCU\CNCE\048822</subfield>
    <subfield code="a">Vite dei filosofi</subfield>
  </datafield>
  <datafield tag="620" ind1=" " ind2=" ">
    <subfield code="a">IT</subfield>
    <subfield code="d">Venezia</subfield>
  </datafield>
  <datafield tag="702" ind1=" " ind2="1">
    <subfield code="a">Salviati,</subfield>
    <subfield code="b">Giuseppe</subfield>
    <subfield code="3">IT\ICCU\CNCA\000328</subfield>
  </datafield>
  <datafield tag="702" ind1=" " ind2="0">
    <subfield code="a">Diogenes</subfield>
    <subfield code="c"> : Laertius</subfield>
    <subfield code="3">IT\ICCU\CNCA\004847</subfield>
  </datafield>
  <datafield tag="712" ind1="0" ind2="0">
    <subfield code="a">Brugnolo, Gioacchino</subfield>
    <subfield code="3">IT\ICCU\CNCT\000273</subfield>
    <subfield code="4">650</subfield>
  </datafield>
  <datafield tag="790" ind1=" " ind2="1">
    <subfield code="a">Porta,</subfield>
    <subfield code="b">Giuseppe</subfield>
    <subfield code="3">IT\ICCU\CNCA\014934</subfield>
    <subfield code="z">Salviati, Giuseppe</subfield>
  </datafield>
  <datafield tag="790" ind1=" " ind2="1">
    <subfield code="a">Salviatus,</subfield>
    <subfield code="b">Ioseph</subfield>
    <subfield code="3">IT\ICCU\CNCA\023610</subfield>
    <subfield code="z">Salviati, Giuseppe</subfield>
  </datafield>
  <datafield tag="790" ind1=" " ind2="0">
    <subfield code="a">Diogenes</subfield>
    <subfield code="c"> : Laertios</subfield>
    <subfield code="3">IT\ICCU\CNCA\018433</subfield>
    <subfield code="z">Diogenes : Laertius</subfield>
  </datafield>
  <datafield tag="790" ind1=" " ind2="0">
    <subfield code="a">Diogene</subfield>
    <subfield code="c"> : Laerzio</subfield>
    <subfield code="3">IT\ICCU\CNCA\018529</subfield>
    <subfield code="z">Diogenes : Laertius</subfield>
  </datafield>
  <datafield tag="791" ind1="0" ind2="0">
    <subfield code="a">Bruniolus, Ioachimus</subfield>
    <subfield code="3">IT\ICCU\CNCT\003065</subfield>
    <subfield code="z">Brugnolo, Gioacchino</subfield>
  </datafield>
  <datafield tag="791" ind1="0" ind2="0">
    <subfield code="a">Brognolo, Giovachino</subfield>
    <subfield code="3">IT\ICCU\CNCT\004785</subfield>
    <subfield code="z">Brugnolo, Gioacchino</subfield>
  </datafield>
  <datafield tag="791" ind1="0" ind2="2">
    <subfield code="a">℗al segno della ℗Porta</subfield>
    <subfield code="3">IT\ICCU\CNCT\006440</subfield>
    <subfield code="z">Brugnolo, Gioacchino</subfield>
  </datafield>
  <datafield tag="801" ind1=" " ind2="3">
    <subfield code="a">IT</subfield>
    <subfield code="b">ICCU</subfield>
    <subfield code="c">20201114</subfield>
  </datafield>
  <datafield tag="899" ind1=" " ind2=" ">
    <subfield code="a">Biblioteca comunale dell&apos;Archiginnasio. Bologna</subfield>
    <subfield code="1">BO0304</subfield>
    <subfield code="2">UBO GA</subfield>
  </datafield>
  <datafield tag="899" ind1=" " ind2=" ">
    <subfield code="a">Biblioteca statale. Cremona</subfield>
    <subfield code="1">CR0062</subfield>
    <subfield code="2">LO1 28</subfield>
  </datafield>
  <datafield tag="899" ind1=" " ind2=" ">
    <subfield code="a">Biblioteca Apostolica Vaticana. Citt ̉del Vaticano</subfield>
    <subfield code="1">EX0001</subfield>
    <subfield code="2">ZCV 01</subfield>
  </datafield>
  <datafield tag="899" ind1=" " ind2=" ">
    <subfield code="a">Biblioteca comunale Aurelio Saffi. Forl</subfield>
    <subfield code="1">FC0018</subfield>
    <subfield code="2">RAV FO</subfield>
  </datafield>
  <datafield tag="899" ind1=" " ind2=" ">
    <subfield code="a">Biblioteca nazionale centrale. Firenze</subfield>
    <subfield code="1">FI0098</subfield>
    <subfield code="2">CFI CF</subfield>
  </datafield>
  <datafield tag="899" ind1=" " ind2=" ">
    <subfield code="a">Biblioteca comunale Francesco Antolisei. San Severino Marche</subfield>
    <subfield code="1">MC0075</subfield>
    <subfield code="2">UMC FA</subfield>
  </datafield>
  <datafield tag="899" ind1=" " ind2=" ">
    <subfield code="a">Biblioteca nazionale Braidense. Milano</subfield>
    <subfield code="1">MI0185</subfield>
    <subfield code="2">MIL NB</subfield>
  </datafield>
  <datafield tag="899" ind1=" " ind2=" ">
    <subfield code="a">Biblioteca nazionale Vittorio Emanuele III. Napoli</subfield>
    <subfield code="1">NA0079</subfield>
    <subfield code="2">NAP BN</subfield>
  </datafield>
  <datafield tag="899" ind1=" " ind2=" ">
    <subfield code="a">Biblioteca comunale Sperelliana. Gubbio</subfield>
    <subfield code="1">PG0049</subfield>
    <subfield code="2">UM1 11</subfield>
  </datafield>
  <datafield tag="899" ind1=" " ind2=" ">
    <subfield code="a">Biblioteca nazionale centrale. Roma</subfield>
    <subfield code="1">RM0267</subfield>
    <subfield code="2">BVE CR</subfield>
  </datafield>
  <datafield tag="899" ind1=" " ind2=" ">
    <subfield code="a">Biblioteca universitaria Alessandrina. Roma</subfield>
    <subfield code="1">RM0280</subfield>
    <subfield code="2">RML 01</subfield>
  </datafield>
  <datafield tag="899" ind1=" " ind2=" ">
    <subfield code="a">Biblioteca dell&apos;Opera pia del collegio Nazareno. Roma</subfield>
    <subfield code="1">RM0654</subfield>
    <subfield code="2">RMS M4</subfield>
  </datafield>
  <datafield tag="899" ind1=" " ind2=" ">
    <subfield code="a">Biblioteca comunale degli Intronati. Siena</subfield>
    <subfield code="1">SI0046</subfield>
    <subfield code="2">RT1 QI</subfield>
  </datafield>
  <datafield tag="899" ind1=" " ind2=" ">
    <subfield code="a">Biblioteca comunale. Treviso</subfield>
    <subfield code="1">TV0114</subfield>
    <subfield code="2">VIA CT</subfield>
  </datafield>
  <datafield tag="899" ind1=" " ind2=" ">
    <subfield code="a">Biblioteca Arcivescovile. Udine</subfield>
    <subfield code="1">UD0100</subfield>
    <subfield code="2">ZUD 11</subfield>
  </datafield>
  <datafield tag="899" ind1=" " ind2=" ">
    <subfield code="a">Biblioteca nazionale Marciana. Venezia</subfield>
    <subfield code="1">VE0049</subfield>
    <subfield code="2">VEA BM</subfield>
  </datafield>
  <datafield tag="911" ind1=" " ind2=" ">
    <subfield code="a">Sul front.</subfield>
    <subfield code="9">IT\ICCU\CNCM\002499</subfield>
  </datafield>
  <datafield tag="921" ind1=" " ind2=" ">
    <subfield code="a">IT\ICCU\CNCM\002499</subfield>
    <subfield code="b">Porta con arco attraverso la quale passa un uomo recante sotto braccio due assi con il motto. In cornice figurata.</subfield>
    <subfield code="e">Libertatem meam mecum porto</subfield>
    <subfield code="c">U1017</subfield>
    <subfield code="d">Dimensioni: 6 x 5,5</subfield>
    <subfield code="f">PORTA</subfield>
    <subfield code="f">UOMO</subfield>
    <subfield code="f">LIBERTATEM</subfield>
    <subfield code="g">1586-1598</subfield>
  </datafield>
</record>
</collection>
